<?xml version="1.0" encoding="UTF-8" ?>
<collection xmlns:xsi="http://www.w3.org/2001/XMLSchema-instance"
    xsi:schemaLocation="http://www.loc.gov/MARC21/slim
        http://www.loc.gov/standards/marcxml/schema/MARC21slim.xsd"
    xmlns="http://www.loc.gov/MARC21/slim">
<record>
  <leader>00262cam a2200505 i 4500</leader>
  <controlfield tag="001">b12889921</controlfield>
  <controlfield tag="003">LeBAU</controlfield>
  <controlfield tag="005">20140714</controlfield>
  <controlfield tag="008">990430s1948    le a          ||0 0 ara d</controlfield>
  <datafield tag="035" ind1=" " ind2=" ">
    <subfield code="a">ocn784526278</subfield>
  </datafield>
  <datafield tag="040" ind1=" " ind2=" ">
    <subfield code="a">LEAUB</subfield>
    <subfield code="b">ara</subfield>
    <subfield code="e">rda</subfield>
    <subfield code="c">LEAUB</subfield>
    <subfield code="d">LEAUB</subfield>
  </datafield>
  <datafield tag="041" ind1="1" ind2=" ">
    <subfield code="a">ara</subfield>
    <subfield code="h">eng</subfield>
  </datafield>
  <datafield tag="082" ind1="0" ind2="4">
    <subfield code="a">915.69</subfield>
    <subfield code="2">22</subfield>
  </datafield>
  <datafield tag="100" ind1="1" ind2=" ">
    <subfield code="6">880-01</subfield>
    <subfield code="a">Kārn, Jūn,</subfield>
    <subfield code="d">1789-1844,</subfield>
    <subfield code="e">author.</subfield>
  </datafield>
  <datafield tag="240" ind1="1" ind2="0">
    <subfield code="a">Syria, the Holy Land, Asia Minor, &amp;c. illustrated.</subfield>
    <subfield code="l">Arabic</subfield>
  </datafield>
  <datafield tag="245" ind1="1" ind2="0">
    <subfield code="6">880-02</subfield>
    <subfield code="a">Riḥlah fī Lubnān fī al-thulth al-awwal min al-qarn al-tāsiʻ ʻashar :</subfield>
    <subfield code="b">muzayyanah bi-rusūm yadawīyah min al-ṭabīʻah wa al-āthār al-Lubnānīyah /</subfield>
    <subfield code="c">ikhtār fuṣūlahā wa ʻarrabahā ʻan al-Inklīzīyah Raʼīf Khūrī min Kitāb Sūriyā wa al-Arḍ al-Muqaddasah wa-Āsiyā al-ṣughrá, ilakh, ilakh.. taʼlīf Jūn Kārn.</subfield>
  </datafield>
  <datafield tag="250" ind1=" " ind2=" ">
    <subfield code="6">880-03</subfield>
    <subfield code="a">Second edition.</subfield>
  </datafield>
  <datafield tag="264" ind1=" " ind2="1">
    <subfield code="6">880-04</subfield>
    <subfield code="a">Bayrūt :</subfield>
    <subfield code="b">Dār al-Makshūf,</subfield>
    <subfield code="c">1948.</subfield>
  </datafield>
  <datafield tag="300" ind1=" " ind2=" ">
    <subfield code="6">880-05</subfield>
    <subfield code="a">290 pages :</subfield>
    <subfield code="b">illustrations ;</subfield>
    <subfield code="c">20 cm.</subfield>
  </datafield>
  <datafield tag="336" ind1=" " ind2=" ">
    <subfield code="a">text</subfield>
    <subfield code="b">txt</subfield>
    <subfield code="2">rdacontent</subfield>
  </datafield>
  <datafield tag="337" ind1=" " ind2=" ">
    <subfield code="a">unmediated</subfield>
    <subfield code="b">n</subfield>
    <subfield code="2">rdamedia</subfield>
  </datafield>
  <datafield tag="338" ind1=" " ind2=" ">
    <subfield code="a">volume</subfield>
    <subfield code="b">nc</subfield>
    <subfield code="2">rdacarrier</subfield>
  </datafield>
  <datafield tag="490" ind1="1" ind2=" ">
    <subfield code="6">880-06</subfield>
    <subfield code="a">Mabāḥith ajnabīyah fī tārīkh Lubnān</subfield>
  </datafield>
  <datafield tag="651" ind1=" " ind2="4">
    <subfield code="a">لبنان</subfield>
    <subfield code="x">وصف ورحلات.</subfield>
  </datafield>
  <datafield tag="651" ind1=" " ind2="0">
    <subfield code="a">Lebanon</subfield>
    <subfield code="x">Description and travel.</subfield>
  </datafield>
  <datafield tag="700" ind1="1" ind2=" ">
    <subfield code="6">880-07</subfield>
    <subfield code="a">Khūrī, Raʼīf,</subfield>
    <subfield code="d">1912-1968،</subfield>
    <subfield code="e">translator.</subfield>
  </datafield>
  <datafield tag="765" ind1="0" ind2=" ">
    <subfield code="6">880-09</subfield>
    <subfield code="i">ترجمة كتاب:</subfield>
    <subfield code="t">Syria, the Holy Land, Asia Minor, &amp;c. illustrated</subfield>
    <subfield code="d">London : Fisher Son &amp; Co., 1836-1938</subfield>
    <subfield code="w">(OCoLC)11059927</subfield>
    <subfield code="w">(OCoLC)11059927</subfield>
    <subfield code="a">Translation of:</subfield>
  </datafield>
  <datafield tag="775" ind1="0" ind2=" ">
    <subfield code="6">880-08</subfield>
    <subfield code="t">Riḥlah fī Lubnān fī al-thulth al-awwal min al-qarn al-tāsiʻ ʻashar : muzayyanah bi-rusūm yadawīyah min al-ṭabīʻah wa al-āthār al-Lubnānīyah.</subfield>
    <subfield code="b">First edition</subfield>
    <subfield code="d">Bayrūt, wizārat al-Tarbiyah al-Waṭanīyah wa-al-Funūn al-Jamīlah, 1948</subfield>
    <subfield code="w">(OCoLC)784526277</subfield>
    <subfield code="w">(OCoLC)784526277</subfield>
  </datafield>
  <datafield tag="830" ind1=" " ind2="0">
    <subfield code="6">880-10</subfield>
    <subfield code="a">Mabāḥith ajnabīyah fī tārīkh Lubnān.</subfield>
  </datafield>
  <datafield tag="852" ind1=" " ind2=" ">
    <subfield code="a">Jafet Library</subfield>
    <subfield code="e">American University of Beirut, Bliss Street , Beirut, Lebanon.</subfield>
  </datafield>
  <datafield tag="880" ind1="1" ind2=" ">
    <subfield code="6">100-01/(3/r</subfield>
    <subfield code="a">كارن، جون،</subfield>
    <subfield code="d">1789-1844،</subfield>
    <subfield code="e">مؤلف. </subfield>
    <subfield code="4">aut.</subfield>
  </datafield>
  <datafield tag="880" ind1="1" ind2="0">
    <subfield code="6">245-02/(3/r</subfield>
    <subfield code="a">رحلة في لبنان في الثلث الأول من القرن التاسع عشر :</subfield>
    <subfield code="b">مزينة برسوم يدوية من الطبيعة و الآثار اللبنانية /</subfield>
    <subfield code="c">إختار فصولها وعربها عن الإنكليزية رئيف خوري من كتاب سوريا والأرض المقدسة وآسيا الصغرى، الخ، إلخ... تأليف جون كارن.</subfield>
  </datafield>
  <datafield tag="880" ind1=" " ind2=" ">
    <subfield code="6">250-03/(3/r</subfield>
    <subfield code="a">الطبعة الثانية.</subfield>
  </datafield>
  <datafield tag="880" ind1=" " ind2="1">
    <subfield code="6">264-04/(3/r</subfield>
    <subfield code="a">بيروت :</subfield>
    <subfield code="b">دار المكشوف،</subfield>
    <subfield code="c">1948.</subfield>
  </datafield>
  <datafield tag="880" ind1=" " ind2=" ">
    <subfield code="6">300-05/(3/r</subfield>
    <subfield code="a">290 صفحة :</subfield>
    <subfield code="b">مصورات ؛</subfield>
    <subfield code="c">20 سم.</subfield>
  </datafield>
  <datafield tag="880" ind1="1" ind2=" ">
    <subfield code="6">490-06/(3/r</subfield>
    <subfield code="a">مباحث اجنبية في تاريخ لبنان</subfield>
  </datafield>
  <datafield tag="880" ind1="1" ind2=" ">
    <subfield code="6">700-07/(3/r</subfield>
    <subfield code="a">خوري، رئيف،</subfield>
    <subfield code="e">مترجم. </subfield>
    <subfield code="4">trl.</subfield>
  </datafield>
  <datafield tag="880" ind1="0" ind2=" ">
    <subfield code="6">775-08/(3/r</subfield>
    <subfield code="t">رحلة في لبنان في الثلث الأول من القرن التاسع عشر : مزينة برسوم يدوية من الطبيعة والآثار اللبنانية.</subfield>
    <subfield code="b">الطبعة الأولى</subfield>
    <subfield code="d">بيروت : وزارة التربية الوطنية والفنون الجميلة، 1948</subfield>
    <subfield code="w">b1288991x</subfield>
    <subfield code="w">(OCoLC)784526277</subfield>
  </datafield>
  <datafield tag="880" ind1="0" ind2=" ">
    <subfield code="6">765-09/(3/r</subfield>
    <subfield code="a">Translation of:</subfield>
    <subfield code="t">Syria, the Holy Land, Asia Minor, &amp;c. illustrated</subfield>
    <subfield code="d">London : Fisher Son &amp; Co., 1836-1938</subfield>
    <subfield code="w">b11765252</subfield>
    <subfield code="w">(OCoLC)11059927</subfield>
  </datafield>
  <datafield tag="880" ind1=" " ind2="0">
    <subfield code="6">830-10/(3/r</subfield>
    <subfield code="a">مباحث اجنبية في تاريخ لبنان.</subfield>
  </datafield>
  <datafield tag="907" ind1=" " ind2=" ">
    <subfield code="a">.b12889921</subfield>
    <subfield code="b">15-10-15</subfield>
    <subfield code="c">11-05-24</subfield>
  </datafield>
  <datafield tag="907" ind1=" " ind2=" ">
    <subfield code="a">.b12889921</subfield>
    <subfield code="b">11-10-11</subfield>
    <subfield code="c">11-05-24</subfield>
  </datafield>
  <datafield tag="945" ind1=" " ind2=" ">
    <subfield code="f">J</subfield>
    <subfield code="a">915.69:B29s2A:c.1</subfield>
    <subfield code="g">1</subfield>
    <subfield code="i">00476095</subfield>
    <subfield code="j">.i13498915</subfield>
    <subfield code="l">u0503</subfield>
  </datafield>
  <datafield tag="998" ind1=" " ind2=" ">
    <subfield code="a">u05</subfield>
    <subfield code="b">99-04-30</subfield>
    <subfield code="c">m</subfield>
    <subfield code="d">a</subfield>
    <subfield code="e">-</subfield>
    <subfield code="f">ara</subfield>
    <subfield code="g">le </subfield>
    <subfield code="h">0</subfield>
    <subfield code="i">1</subfield>
  </datafield>
</record>
</collection>
